@article{SiSo95,
title = "On the Computational Power of Neural Nets",
journal = "Journal of Computer and System Sciences",
volume = "50",
number = "1",
pages = "132 - 150",
year = "1995",
issn = "0022-0000",
doi = "https://doi.org/10.1006/jcss.1995.1013",
url = "http://www.sciencedirect.com/science/article/pii/S0022000085710136",
author = {Siegelmann, Hava and Sontag, Eduardo},
}

@article{SiSo93,
author = {Siegelmann, Hava and Sontag, Eduardo},
year = {1993},
month = {12},
pages = {331-360},
title = {Analog Computation via Neural Networks},
volume = {131},
journal = {Theoretical Computer Science}
}

@book{GoBeCo16,
    title={Deep Learning},
    author={Ian Goodfellow and Yoshua Bengio and Aaron Courville},
    publisher={MIT Press},
    note={\url{http://www.deeplearningbook.org}},
    year={2016}
}

@inproceedings{CaEtAl15,
 author = {Carmantini, Giovanni S. and Graben, Peter Beim and Desroches, Mathieu and Rodrigues, Serafim},
 title = {Turing Computation with Recurrent Artificial Neural Networks},
 booktitle = {Proceedings of the 2015th International Conference on Cognitive Computation: Integrating Neural and Symbolic Approaches - Volume 1583},
 series = {COCO'15},
 year = {2015},
 location = {Montreal, Canada},
 pages = {1--9},
 numpages = {9},
 url = {http://dl.acm.org/citation.cfm?id=2996831.2996832},
 acmid = {2996832},
 publisher = {CEUR-WS.org},
 address = {Aachen, Germany, Germany}
}

@article{HuSc97,
author = {Hochreiter, Sepp und Schmidhuber, Jürgen},
year = {1997},
month = {9},
pages = {1735–1780},
title = {Long short-term memory},
volume = {8},
journal = {Neural Computation}
}

@misc{Ol15,
  author = {Christopher Olah},
  title = {{Understanding LSTM Networks}},
  howpublished = {http://colah.github.io/posts/2015-08-Understanding-LSTMs/},
  note = {[Online; accessed 20-January-2018]}
}
